@book{AISIS100-162016,
address = {Washington, DC, U.S.A.},
author = {{AISI S100-16}},
publisher = {AISI},
title = {{North American Specification for the Design of Cold-Formed Steel Structural Members}},
year = {2016}
}

@misc{antoshchenko_2020, title={What is haptic feedback, and why is it important?}, url={https://owlab.group/our-blog/post/what-is-haptic-feedback-and-why-is-it-important}, journal={Owlab Group}, author={Antoshchenko, Vitaliy}, year={2020}, month={May}} 

@misc{android_layouts, title={Layouts &nbsp;: &nbsp; android developers}, url={https://developer.android.com/develop/ui/views/layout/declaring-layout}, journal={Android Developers}} 

@misc{unity_webview, title={3D Webview: The Ultimate cross-platform web browser for unity}, url={https://developer.vuplex.com/webview/overview}, journal={Vuplex}} 

@misc{gitlab_wiki, title={VRCues Wiki}, url={https://gitlab2.informatik.uni-wuerzburg.de/xtai_lab2/viavr_cues/-/wikis/home}, journal={GitLab}} 

 @misc{hci_project_description, title={Formative design of VR guidance cues}, url={http://hci.uni-wuerzburg.de/topics/20211103-viavr-AssistedVIA/}, journal={Human-Computer Interaction}} 
 
@misc{electronjs, title={Electron: Build cross-platform desktop apps with JavaScript, HTML, and CSS}, url={https://www.electronjs.org/}, journal={Electron Blog RSS}} 

 @misc{unity_webgl, title={Building your webgl application}, url={https://docs.unity3d.com/Manual/webgl-building.html}, journal={Unity}, author={Technologies, Unity}} 

 @misc{unity_photon, title={Pun}, url={https://www.photonengine.com/pun}, journal={Photon Unity 3D Networking Framework SDKs and Game Backend | Photon Engine}} 

  @inproceedings{via_vr,
title = {VIA VR: A Technology Platform for Virtual Adventures for Healthcare and Well-Being},
author = {von Mammen, Sebastian and Müller, Andreas and Latoschik, Marc Erich and Botsch, Mario and Brukamp, Kirsten and Schröder, Carsten and Wacker, Michael},
year = {2019},
pages = {1-2},
url = {https://downloads.hci.informatik.uni-wuerzburg.de/2019-viavr-vsgames.pdf}
}

@misc{unity_package_manager, title={Unity's package manager}, url={https://docs.unity3d.com/Manual/Packages.html}, journal={Unity}, author={Technologies, Unity}} 

 @misc{odin_inspector, title={Odin Inspector and Serializer: Improve your workflow in Unity}, url={https://odininspector.com/}, journal={Odin Inspector}} 